@misc{open-meteo,
    title = "Open-Meteo: Free Weather API",
    howpublished  = {\url{https://open-meteo.com/}},
    note = "(Accessed: 2025-06-14)"
}
